<record><leader>00000cas a22000007a 4500</leader><controlfield tag="001">15647974</controlfield><controlfield tag="008">870508d18801881pauwr ne      0    0eng d</controlfield><datafield ind1=" " ind2=" " tag="010"><subfield code="a">sn 87080219 </subfield></datafield><datafield ind1=" " ind2=" " tag="040"><subfield code="a">NPH</subfield><subfield code="b">eng</subfield><subfield code="c">NPH</subfield><subfield code="d">OCLCQ</subfield></datafield><datafield ind1=" " ind2=" " tag="042"><subfield code="a">msc</subfield></datafield><datafield ind1="0" ind2="4" tag="245"><subfield code="a">The Carbon herald.</subfield></datafield><datafield ind1=" " ind2=" " tag="260"><subfield code="a">Weatherly, Carbon Co., Pa. :</subfield><subfield code="b">Harry V. Morthimer,</subfield><subfield code="c">-1881.</subfield></datafield><datafield ind1=" " ind2=" " tag="300"><subfield code="a">v. ;</subfield><subfield code="c">52 cm.</subfield></datafield><datafield ind1=" " ind2=" " tag="310"><subfield code="a">Weekly</subfield></datafield><datafield ind1="1" ind2=" " tag="362"><subfield code="a">Began with June 9, 1880 issue?</subfield></datafield><datafield ind1="0" ind2=" " tag="362"><subfield code="a">-v. 1, no. 40 (Mar. 9, 1881).</subfield></datafield><datafield ind1=" " ind2=" " tag="500"><subfield code="a">Published every Wednesday.</subfield></datafield><datafield ind1=" " ind2=" " tag="500"><subfield code="a">Publishers: Harry V. Morthimer, &lt;June 16&gt;-Sept. 1, 1880; Smith &amp; A.J. Rowland, Sept. 8-Oct. 20, 1880; Harvey B. Smith, Oct. 27, 1880-Mar. 9, 1881.</subfield></datafield><datafield ind1=" " ind2=" " tag="588"><subfield code="a">Description based on: Vol. 1, no. 2 (June 16, 1880).</subfield></datafield><datafield ind1=" " ind2=" " tag="752"><subfield code="a">United States</subfield><subfield code="b">Pennsylvania</subfield><subfield code="c">Carbon</subfield><subfield code="d">Weatherly.</subfield></datafield><datafield ind1="0" ind2="0" tag="785"><subfield code="t">Weatherly herald</subfield><subfield code="w">(DLC)sn 87080218</subfield></datafield></record>